@book{author2025book,
  title={Title of the Book},
  author={Author1 Given, Author1 Family and Author2 Given, Author2 Family and Author3 Given, Author3 Family},
  year={2025},
  publisher={Publisher Name},
  url={https://www.example.com/book}
}

@article{author2024article,
  title={Title of the Article},
  author={Author1 Given, Author1 Family and Author2 Given, Author2 Family and Author3 Given, Author3 Family},
  journal={Journal Name},
  volume={10},
  number={2},
  pages={100-120},
  year={2024},
  publisher={Publisher Name},
  url={https://www.example.com/article}
}

@inproceedings{author2023conference,
  title={Title of the Conference Paper},
  author={Author1 Given, Author1 Family and Author2 Given, Author2 Family and Author3 Given, Author3 Family},
  booktitle={Proceedings of Conference Name},
  year={2023},
  pages={50-60},
  publisher={Publisher Name}
}